<?xml version="1.0" encoding="UTF-8"?><collection xmlns="http://www.loc.gov/MARC21/slim"><record><leader>00386nam--2200133-i-4500</leader><controlfield tag="001">000011729</controlfield><controlfield tag="002">20161230</controlfield><controlfield tag="005">20161230201029</controlfield><controlfield tag="008">060222s1000------------r-----000-0-eng-d</controlfield><datafield ind1=" " ind2=" " tag="080"><subfield code="a">530.145.6 (07)</subfield></datafield><datafield ind1=" " ind2=" " tag="100"><subfield code="a">Alonso, Marcelo And Valk, Henry</subfield></datafield><datafield ind1=" " ind2=" " tag="245"><subfield code="a">Quantum mechanics : principles and applica- tions</subfield></datafield><datafield ind1=" " ind2=" " tag="260"><subfield code="a">Reading. Addison-wesley Publishing Company 1973 64l P</subfield></datafield><datafield ind1=" " ind2=" " tag="852"><subfield code="a">43233</subfield></datafield></record></collection>